<record xmlns="http://www.loc.gov/MARC21/slim">
   <leader>01827cjm a2200433 a 4500</leader>
   <controlfield tag="001">1351233</controlfield>
   <controlfield tag="007">sd bsmennmpluu</controlfield>
   <controlfield tag="008">910123p19851984enkmunn             eng d</controlfield>
   <datafield ind1=" " ind2=" " tag="010">
      <subfield code="a">   86752615 /R</subfield>
   </datafield>
   <datafield ind1="0" ind2="1" tag="028">
      <subfield code="a">A66174</subfield>
      <subfield code="b">Hyperion</subfield>
   </datafield>
   <datafield ind1="0" ind2="1" tag="028">
      <subfield code="a">66174</subfield>
      <subfield code="b">Hyperion</subfield>
   </datafield>
   <datafield ind1="1" ind2=" " tag="033">
      <subfield code="a">19840421</subfield>
      <subfield code="a">19840422</subfield>
      <subfield code="b">5754</subfield>
      <subfield code="c">L7</subfield>
   </datafield>
   <datafield ind1=" " ind2=" " tag="035">
      <subfield code="a">ocm14717304</subfield>
   </datafield>
   <datafield ind1=" " ind2=" " tag="040">
      <subfield code="a">DLC</subfield>
      <subfield code="b">eng</subfield>
      <subfield code="c">DLC</subfield>
   </datafield>
   <datafield ind1=" " ind2=" " tag="048">
      <subfield code="a">ka01</subfield>
   </datafield>
   <datafield ind1=" " ind2=" " tag="049">
      <subfield code="a">AEU</subfield>
      <subfield code="b">eng</subfield>
   </datafield>
   <datafield ind1="1" ind2="0" tag="050">
      <subfield code="a">M22</subfield>
   </datafield>
   <datafield ind1="0" ind2=" " tag="090">
      <subfield code="a">M 22 B4 N627 1985</subfield>
   </datafield>
   <datafield ind1="1" ind2=" " tag="100">
      <subfield code="a">Beethoven, Ludwig van,</subfield>
      <subfield code="d">1770-1827.</subfield>
   </datafield>
   <datafield ind1="1" ind2="0" tag="240">
      <subfield code="a">Piano music.</subfield>
      <subfield code="k">Selections</subfield>
   </datafield>
   <datafield ind1="0" ind2="0" tag="245">
      <subfield code="a">Sonata in F minor op. 2, no. 1 ; Bagatelles op. 33. No. 4 in A major ; No. 7 in A flat major ; Sonata in A major op. 2, no. 2</subfield>
      <subfield code="h">[sound recording] /</subfield>
      <subfield code="c">Beethoven.</subfield>
   </datafield>
   <datafield ind1=" " ind2=" " tag="260">
      <subfield code="a">London :</subfield>
      <subfield code="b">Hyperion,</subfield>
      <subfield code="c">p1985.</subfield>
   </datafield>
   <datafield ind1=" " ind2=" " tag="300">
      <subfield code="a">1 sound disc :</subfield>
      <subfield code="b">analog, 33 1/3 rpm, stereo. ;</subfield>
      <subfield code="c">12 in.</subfield>
   </datafield>
   <datafield ind1=" " ind2=" " tag="336">
      <subfield code="a">performed music</subfield>
      <subfield code="b">prm</subfield>
      <subfield code="2">rdacontent</subfield>
   </datafield>
   <datafield ind1=" " ind2=" " tag="337">
      <subfield code="a">audio</subfield>
      <subfield code="b">s</subfield>
      <subfield code="2">rdamedia</subfield>
   </datafield>
   <datafield ind1=" " ind2=" " tag="338">
      <subfield code="a">audio disc</subfield>
      <subfield code="b">sd</subfield>
      <subfield code="2">rdacarrier</subfield>
   </datafield>
   <datafield ind1=" " ind2=" " tag="500">
      <subfield code="a">Durations: 22:00; 3:40; 2:00; 27:00.</subfield>
   </datafield>
   <datafield ind1=" " ind2=" " tag="500">
      <subfield code="a">Hyperion: A66174.</subfield>
   </datafield>
   <datafield ind1="0" ind2=" " tag="511">
      <subfield code="a">Linda Nicholson, fortepiano (Schantz, Vienna, ca. 1797).</subfield>
   </datafield>
   <datafield ind1=" " ind2=" " tag="518">
      <subfield code="a">Recorded Apr. 21-22, 1984 in the Art Workers' Guild, London.</subfield>
   </datafield>
   <datafield ind1=" " ind2=" " tag="596">
      <subfield code="a">38</subfield>
   </datafield>
   <datafield ind1=" " ind2="0" tag="650">
      <subfield code="a">Sonatas (Piano)</subfield>
   </datafield>
   <datafield ind1=" " ind2="0" tag="650">
      <subfield code="a">Piano music.</subfield>
   </datafield>
   <datafield ind1="1" ind2=" " tag="700">
      <subfield code="a">Nicholson, Linda,</subfield>
      <subfield code="d">1955-</subfield>
      <subfield code="e">performer.</subfield>
   </datafield>
   <datafield ind1="1" ind2="2" tag="700">
      <subfield code="a">Beethoven, Ludwig van,</subfield>
      <subfield code="d">1770-1827.</subfield>
      <subfield code="t">Sonatas,</subfield>
      <subfield code="m">piano,</subfield>
      <subfield code="n">no. 1, op. 2, no. 1,</subfield>
      <subfield code="r">F minor.</subfield>
   </datafield>
   <datafield ind1="1" ind2="2" tag="700">
      <subfield code="a">Beethoven, Ludwig van,</subfield>
      <subfield code="d">1770-1827.</subfield>
      <subfield code="t">Bagatelles,</subfield>
      <subfield code="m">piano,</subfield>
      <subfield code="n">op. 33.</subfield>
      <subfield code="n">No. 4.</subfield>
   </datafield>
   <datafield ind1="1" ind2="2" tag="700">
      <subfield code="a">Beethoven, Ludwig van,</subfield>
      <subfield code="d">1770-1827.</subfield>
      <subfield code="t">Bagatelles,</subfield>
      <subfield code="m">piano,</subfield>
      <subfield code="n">op. 33.</subfield>
      <subfield code="n">No. 7.</subfield>
   </datafield>
   <datafield ind1="1" ind2="2" tag="700">
      <subfield code="a">Beethoven, Ludwig van,</subfield>
      <subfield code="d">1770-1827.</subfield>
      <subfield code="t">Sonatas,</subfield>
      <subfield code="m">piano,</subfield>
      <subfield code="n">no. 2, op. 2, no. 2,</subfield>
      <subfield code="r">A major.</subfield>
   </datafield>
   <datafield ind1=" " ind2=" " tag="926">
      <subfield code="a">M 22 B4 N627 1985</subfield>
      <subfield code="w">LC</subfield>
      <subfield code="c">1</subfield>
      <subfield code="i">000035482538</subfield>
      <subfield code="d">10/28/2002</subfield>
      <subfield code="l">ON_SHELF</subfield>
      <subfield code="m">UABARD</subfield>
      <subfield code="n">2</subfield>
      <subfield code="p">$150.00</subfield>
      <subfield code="r">Y</subfield>
      <subfield code="s">Y</subfield>
      <subfield code="t">MUSICSOUND</subfield>
      <subfield code="u">1/25/1991</subfield>
      <subfield code="o">.STAFF. C0013532</subfield>
   </datafield>
</record>
